@article{blattner2017model,
  title={Model-based Dynamic Scheduling for Multicore Implementation of Image Processing Systems},
  author={Blattner, Timothy J and Keyrouz, Walid and Wu, Jiahao and Bhattacharyya, Shuvra S},
  year={2017},
  publisher={Timothy J. Blattner, Walid Keyrouz, Jiahao Wu, Shuvra S. Bhattacharyya}
}

@inproceedings{bardakoff2020hedgehog,
  title={Hedgehog: a Performance-Oriented General Purpose Library for Multi-GPU Systems},
  author={Bardakoff, Alexandre and Blattner, Timothy and Bachelet, Bruno and Keyrouz, Walid and Yon, Lo{\"\i}c},
  booktitle={GPU Technology Conference (GTC)},
  year={2020}
}
